
@misc{msdn:sep,
   author = "msdn.microsoft.com",
   title = "Windows Communication Foundation - Mehrere Endpunkte definieren",
   year = "2013",
   url = "http://msdn.microsoft.com/de-de/magazine/cc163412.aspx#S4",
   note = "[Online; Stand 20. März 2013]"
}
@misc{msdn:wcf,
   author = "msdn.microsoft.com",
   title = "Windows Communication Foundation - Guidelines and Best Practices",
   year = "2013",
   url = "http://msdn.microsoft.com/en-us/library/dd456779.aspx",
   note = "[Online; Stand 20. März 2013]"
}
@misc{msdn:ws,
   author = "msdn.microsoft.com",
   title = "Web Services Specifications Index Page",
   year = "2013",
   url = "http://msdn.microsoft.com/de-de/library/ms951274.aspx",
   note = "[Online; Stand 22. März 2013]"
}
@misc{w3org:soap,
   author = "W3C",
   title = "Latest SOAP versions",
   year = "2013",
   url = "http://www.w3.org/TR/soap/",
   note = "[Online; Stand 22. März 2013]"
}
 @book{hube12,
    author 	    = "Thomas Huber",
    title       = "Windows Presentation Foundation 4.5 - Das umfassende Handbuch",
    publisher   = "Galileo Computing",
	volume      = "5",
    year        = "2010",
    isbn        = "978-3-8362-1956-3"
 }
   @book{ssfk11,
    author 	    = "Manfred Steyer  Holger Schwichtenberger, Matthias Fischer, Jörg Krause",
    title       = "Verteilte {S}ysteme und Services mit .NET 4.0",
    publisher   = "Hanser",
	volume      = "1",
    year        = "2011",
    isbn        = "978-3-446-42236-0",
 }
 @book{geir12,
    author 	    = "Matthias Geirhos",
    title       = "Visual C\# 2012",
    publisher   = "Galileo Computing",
	volume      = "1",
    year        = "2012",
    isbn        = "978-3-8362-1954-9",
 }
 @book{schw2008mic,
 isbn={9783446410459},
  title={Microsoft. NET 3.5 Crashkurs},
  author={Schwichtenberg, Holger}
}
@book{balz09,
  title={Lehrbuch Der Softwaretechnik: Basiskonzepte Und Requirements Engineering},
  author={Balzert, H.},
  isbn={9783827422477},
  series={Lehrb{\"u}cher der Informatik},
  year={2009},
  publisher={Spektrum Akademischer Verlag GmbH}
}
@book{balz09,
  title={Lehrbuch Der Softwaretechnik: Basiskonzepte Und Requirements Engineering},
  author={Balzert, H.},
  isbn={9783827422477},
  series={Lehrb{\"u}cher der Informatik},
  year={2009},
  publisher={Spektrum Akademischer Verlag GmbH}
}
 @techreport{IEEE830,
	author		= "Software Engineering Standards Committee of the IEEE Computer Society",
	title		= "IEEE Recommended Practice for Software Requirements Specifications",
	institution = "The Institute of Electrical and Electronics Engineers",
	year		= "1998",
	month		= "6"
 }
